
@misc{miller_puckette_theory_2006,
	title = {The {Theory} and {Technique} of {Electronic} {Music}},
	url = {http://msp.ucsd.edu/techniques/v0.11/book.ps},
	urldate = {2017-01-17},
	author = {{Miller Puckette}},
	year = {2006},
	file = {book.ps:/root/.mozilla/firefox/w63beqc3.default/zotero/storage/CMAKIG8P/book.ps:application/postscript}
}

@misc{smith_introduction_2007,
	title = {Introduction to {Digital} {Filters} with {Audio} {Applications}},
	url = {http://ccrma.stanford.edu/~jos/filters/},
	urldate = {2017-01-17},
	author = {Smith, Julius O.},
	year = {2007}
}

@book{doel_sounds_1996,
	title = {The {Sounds} of {Physical} {Shapes}},
	url = {http://www.cs.ubc.ca/ kvdoel/publications/sound-shapes.pdf},
	urldate = {2014-05-24},
	author = {Doel, van den and Dinesh, K. Pai and {Kees}},
	year = {1996}
}

@inproceedings{chaudhary_3-d_1998,
	title = {A 3-{D} graphical user interface for resonance modeling},
	booktitle = {Proceedings of the {International} {Computer} {Music} {Conference}, {Ann} {Arbor}},
	author = {Chaudhary, Amar and Freed, Adrian and Khoury, Sami and Wessel, David},
	year = {1998}
}

@book{_physically_2009,
	title = {Physically {Based} {Sound} {Synthesis} for {Interactive} {Applications} - {Cahill}.pdf},
	url = {https://www.scss.tcd.ie/postgraduate/msciet/current/Dissertations/0809/pdfs/Cahill.pdf},
	urldate = {2014-06-19},
	year = {2009},
	annote = {S 37: GPU acceleration of Modal synthesis‼}
}

@book{smith_physical_2010,
	title = {{PHYSICAL} {AUDIO} {SIGNAL} {PROCESSING} {FOR} {VIRTUAL} {MUSICAL} {INSTRUMENTS} {AND} {AUDIO} {EFFECTS}},
	url = {https://ccrma.stanford.edu/ jos/pasp/},
	urldate = {2014-07-30},
	author = {Smith, Julius O.},
	year = {2010}
}

@book{cook_real_2002,
	address = {Natick, Mass},
	title = {Real sound synthesis for interactive applications},
	isbn = {1-56881-168-3},
	publisher = {A K Peters},
	author = {Cook, Perry R.},
	year = {2002},
	keywords = {Computer sound processing, Interactive multimedia, Recording and reproducing Digital techniques, Sound},
	annote = {Includes and index}
}

@book{farnell_designing_2010,
	address = {Cambridge, Mass},
	title = {Designing sound},
	isbn = {978-0-262-01441-0},
	publisher = {MIT Press},
	author = {Farnell, Andy},
	year = {2010},
	keywords = {Animated films, Computer sound processing, Motion pictures, Recording and reproducing Digital techniques, Sound, Sound effects, Sounds, Video games}
}

@book{__????,
	url = {http://www.google.at/url?sa=t&rct=j&q=&esrc=s&source=web&cd=6&ved=0CEoQFjAF&url=http%3A%2F%2Fwww.researchgate.net%2Fpublication%2F233735046_An_Efficient_Algorithm_for_Automatic_Peak_Detection_in_Noisy_Periodic_and_Quasi-Periodic_Signals%2Flinks%2F09e4150ae82a36a70e000000&ei=c47aU7nOBJOy7AbnkIDoAg&usg=AFQjCNFk8MElNCy-JqdB-LT5iv8VUh_P-A&bvm=bv.72185853,d.ZGU},
	urldate = {2014-07-31}
}

@article{scholkmann_efficient_2012,
	title = {An {Efficient} {Algorithm} for {Automatic} {Peak} {Detection} in {Noisy} {Periodic} and {Quasi}-{Periodic} {Signals}},
	volume = {5},
	issn = {1999-4893},
	url = {http://www.mdpi.com/1999-4893/5/4/588/},
	doi = {10.3390/a5040588},
	language = {en},
	number = {4},
	urldate = {2014-07-31},
	journal = {Algorithms},
	author = {Scholkmann, Felix and Boss, Jens and Wolf, Martin},
	month = nov,
	year = {2012},
	pages = {588--603}
}

@book{_flohberger_report.pdf_????,
	title = {flohberger\_report.pdf},
	url = {https://www2.spsc.tugraz.at/www-archive/AdvancedSignalProcessing/SpeechSynthesis.new/flohberger_report.pdf},
	urldate = {2014-08-01}
}

@article{khoury_3d_????,
	title = {A 3D {Graphical} {User} {Interface} for {Resonance} {Modeling}},
	url = {http://www.researchgate.net/publication/228415135_A_3D_Graphical_User_Interface_for_Resonance_Modeling/file/50463521ccc5b55ba5.pdf},
	urldate = {2014-08-03},
	author = {Khoury, Amar Chaudhary Adrian Freed Sami and Wessel, David}
}

@inproceedings{schroeder_natural_1961,
	title = {Natural {Sounding} {Artificial} {Reverberation}},
	url = {http://www.aes.org/e-lib/browse.cfm?elib=343},
	booktitle = {Audio {Engineering} {Society} {Convention} 13},
	author = {Schroeder, Manfred R.},
	month = oct,
	year = {1961}
}

@book{frey_signal-_2009,
	address = {Wiesbaden},
	title = {Signal- und {Systemtheorie}: mit 26 {Tabellen}, 64 {Aufgaben} mit {Lösungen} und 84 {Beispielen}},
	isbn = {978-3-8348-9292-8 3-8348-9292-0 978-3-8351-0249-1 3-8351-0249-4},
	shorttitle = {Signal- und {Systemtheorie}},
	url = {http://dx.doi.org/10.1007/978-3-8348-9292-8},
	language = {German},
	urldate = {2014-08-09},
	publisher = {Vieweg+Teubner Verlag / GWV Fachverlage GmbH, Wiesbaden},
	author = {Frey, Bossert, Martin, Thomas},
	year = {2009}
}

@book{smith_mathematics_2007,
	title = {Mathematics of the {Discrete} {Fourier} {Transform} ({DFT})},
	url = {http://ccrma.stanford.edu/ jos/mdft/},
	urldate = {2014-08-09},
	author = {Smith, Julius O.},
	year = {2007}
}
